@article{einstein,
    author =       "Albert Einstein",
    title =        "{Zur Elektrodynamik bewegter K{\"o}rper}. ({German})
        [{On} the electrodynamics of moving bodies]",
    journal =      "Annalen der Physik",
    volume =       "322",
    number =       "10",
    pages =        "891--921",
    year =         "1905",
    DOI =          "http://dx.doi.org/10.1002/andp.19053221004"
}

@book{latexcompanion,
    author    = "Michel Goossens and Frank Mittelbach and Alexander Samarin",
    title     = "The \LaTeX\ Companion",
    year      = "1993",
    publisher = "Addison-Wesley",
    address   = "Reading, Massachusetts"
}

@misc{knuthwebsite,
    author    = "Donald Knuth",
    title     = "Knuth: Computers and Typesetting",
    url       = "http://www-cs-faculty.stanford.edu/\~{}uno/abcde.html"
}
@misc{MERN,
  title = "The Modern Application Stack – Part 1: Introducing The MEAN Stack",
  author = "Andrew Morgan",
  note = "\url{https://www.mongodb.com/blog/post/the-modern-application-stack-part-1-introducing-the-mean-stack}"
}

@misc{Survey,
  title = "How Developers use Node.js - Survey Results",
  author = "Ferenc Hámori",
  note = "\url{https://blog.risingstack.com/node-js-developer-survey-results-2016/}"
}

@misc{Mongo,
  title = "Is MongoDB Open Source?",
  author = "Educba",
  note = "\url{https://www.educba.com/mongodb-open-source/}"
}
@misc{HistoryBanking,
title="History of Online Banking: How Internet Banking Went Mainstream",
author="Ruth Sarreal",
note ="\url{https://www.gobankingrates.com/banking/banks/history-online-banking/}"
}
@misc{BOIElderly,
title="Help for older people",
author="Bank Of Ireland",
note="\url{https://www.bankofireland.com/security-zone/help-for-older-people/}"
}
@misc{OnlineBanking,
title="25 Digital-Only Banks to Watch",
author="Jeffry Pilcher",
note="\url{https://thefinancialbrand.com/69560/25-direct-online-digital-banks/}"}
